@Book{cavoukian2012privacy,
  title     = {Privacy by design in the age of big data},
  publisher = {Information and Privacy Commissioner of Ontario, Canada},
  year      = {2012},
  author    = {Cavoukian, Ann and Jonas, Jeff},
}
@article{khan2014big,
  title={Big data: survey, technologies, opportunities, and challenges},
  author={Khan, Nawsher and Yaqoob, Ibrar and Hashem, Ibrahim Abaker Targio and Inayat, Zakira and Mahmoud Ali, Waleed Kamaleldin and Alam, Muhammad and Shiraz, Muhammad and Gani, Abdullah},
  journal={The Scientific World Journal},
  volume={2014},
  year={2014},
  publisher={Hindawi Publishing Corporation}
}

@article{roski2014creating,
  title={Creating value in health care through big data: opportunities and policy implications},
  author={Roski, Joachim and Bo-Linn, George W and Andrews, Timothy A},
  journal={Health affairs},
  volume={33},
  number={7},
  pages={1115--1122},
  year={2014},
  publisher={Health Affairs}
}

@Article{swan2013quantified,
  author    = {Swan, Melanie},
  title     = {The quantified self: Fundamental disruption in big data science and biological discovery},
  journal   = {Big Data},
  year      = {2013},
  volume    = {1},
  number    = {2},
  pages     = {85--99},
  publisher = {Mary Ann Liebert, Inc. 140 Huguenot Street, 3rd Floor New Rochelle, NY 10801 USA},
}

@Article{van2011health,
  author  = {Van Den Bos, J and Rustagi, K and Gray, T and Halford, M and Zeimkiewicz, E and Shreve, J},
  title   = {Health affairs: At the intersection of health, health care and policy},
  journal = {Health Affairs},
  year    = {2011},
  volume  = {30},
  pages   = {596--603},
}

@Article{tene2012big,
  author    = {Tene, Omer and Polonetsky, Jules},
  title     = {Big data for all: Privacy and user control in the age of analytics},
  journal   = {Nw. J. Tech. \& Intell. Prop.},
  year      = {2012},
  volume    = {11},
  pages     = {xxvii},
  publisher = {HeinOnline},
}
